@article{gokani2024paraxial,
  title={Paraxial and ray approximations of acoustic vortex beams},
  author={C.~A.~Gokani and M.~R.~Haberman and M.~F.~Hamilton},
  journal={J.~Acoust.~Soc.~Am.},
  volume={155},
  pages={2707--2723},
  year={2024}
}

@book{pierce2019acoustics,
author={{A.~D.~Pierce}},
year={2019},
title={Acoustics, 3rd edition},
address={Cham, Switzerland},
publisher={Springer},
note={{\!\! S}ecs.~8.2 and~8.5}
}

@book{gradshteyn2014table,
author={I.~S.~Gradshteyn and I.~M.~Ryzhik},
year={1980},
title={Table of {I}ntegrals, {S}eries, and {P}roducts, 4th edition},
address={New York},
publisher={Academic Press},
keywords={math}
}

@book{blackstock2000fundamentals,
  title={Fundamentals of {P}hysical {A}coustics},
  author={Blackstock, D.~T.~},
  year={2000},
  publisher={Wiley}
}

@book{hamilton2008nonlinear,
author={{M.~F.~Hamilton, ``Sound Beams," M.~F.~Hamilton and D.~T.~Blackstock, editors}},
year={2008},
title={Nonlinear {A}coustics, 2nd edition},
address={New York},
publisher={Acoustical Society of America}
}

@book{abramowitz1988handbook,
author={{M.~Abramowitz and I.~A.~Stegun, editors}},
year={1972},
title={{H}andbook of {M}athematical {F}unctions, 4th edition},
address={New York},
publisher={Dover Publications},
note={{\!\!, I}tem~11.1.1}
}

