@book{pierce2019acoustics,
author={A.~D.~Pierce},
year={2019},
title={Acoustics, 3rd edition},
address={Cham, Switzerland},
publisher={Springer}
}

@book{strang2015introduction,
author={G.~Strang},
year={2015},
title={An {I}ntroduction to {L}inear {A}lgebra, 5th edition},
address={Wellesley, MA},
publisher={Wellesley-Cambridge Press}
}

@book{morse1968theoretical,
  title={Theoretical {A}coustics},
  author={P.~M.~Morse and K.~U.~Ingard},
  publisher = {McGraw-Hill},
  year={1968}
}

@book{gradshteyn2014table,
author={I.~S.~Gradshteyn and I.~M.~Ryzhik},
year={1980},
title={Table of {I}ntegrals, {S}eries, and {P}roducts, 4th edition},
address={New York},
publisher={Academic Press}
}

@book{blackstock2000fundamentals,
  title={Fundamentals of {P}hysical {A}coustics},
  author={D.~T.~Blackstock},
  year={2000},
  publisher={Wiley}
}